@inproceedings{cloudsuite:asplos12,
 author = {Ferdman, Michael and Adileh, Almutaz and Kocberber, Onur and Volos, Stavros and Alisafaee, Mohammad and Jevdjic, Djordje and Kaynak, Cansu and Popescu, Adrian Daniel and Ailamaki, Anastasia and Falsafi, Babak},
 title = {{Clearing the clouds: a study of emerging scale-out workloads on modern hardware}},
 crossref = {ASPLOS12},
}

@inproceedings{wsc:isca15,
  author   = {Kanev, Svilen and Darago, Juan Pablo and Hazelwood, Kim and Ranganathan, Parthasarathy and Moseley, Tipp and Wei, Gu-Yeon and Brooks, David},
  title    = {{Profiling a Warehouse-scale Computer}},
  crossref = {ISCA15},
} 

@inproceedings{aguilera:dist-system-blackboxes,
  author = {Aguilera, Marcos K. and Mogul, Jeffrey C. and Wiener, Janet L. and Reynolds, Patrick and Muthitacharoen, Athicha},
  title = {{Performance Debugging for Distributed Systems of Black Boxes}},
  crossref = {SOSP03},
  pages = {74--89},
} 

@inproceedings{gonzales:graphx,
  author = {Joseph E. Gonzalez and Reynold S. Xin and Ankur Dave and Daniel Crankshaw and Michael J. Franklin and Ion Stoica},
  title = {{GraphX: Graph Processing in a Distributed Dataflow Framework}},
  crossref = {OSDI14},
}

@inproceedings{hindman:mesos,
  author = {Hindman, Benjamin and Konwinski, Andy and Zaharia, Matei and Ghodsi, Ali and Joseph, Anthony D. and Katz, Randy and Shenker, Scott and Stoica, Ion},
  title = {{Mesos: A Platform for Fine-grained Resource Sharing in the Data Center}},
  crossref = {NSDI11},
}

@inproceedings {zaharia:rdd,
  author = {Matei Zaharia and Mosharaf Chowdhury and Tathagata Das and Ankur Dave and Justin Ma and Murphy McCauly and Michael J. Franklin and Scott Shenker and Ion Stoica},
  title = {{Resilient Distributed Datasets: A Fault-Tolerant Abstraction for In-Memory Cluster Computing}},
  crossref = {NSDI12},
  pages = {15--28},
}

@inproceedings{curtsinger:coz,
  author = {Charlie Curtsinger and Emery D. Berger},
  title = {{COZ: Finding Code that Counts with Causal Profiling}},
  crossref = {SOSP15},
}

@inproceedings{yang:critical-path,
  author = {Cui-Qing Yang and Barton P. Miller},
  title = {{Critical Path Analysis for the Execution of Parallel and Distributed Programs}},
  crossref = {ICDCS98},
}

@article{meng:sparkml,
  author = {Meng, Xiangrui and Bradley, Joseph and Yavuz, Burak and Sparks, Evan and Venkataraman, Shivaram and Liu, Davies and Freeman, Jeremy and Tsai, DB and Amde, Manish and Owen, Sean and Xin, Doris and Xin, Reynold and Franklin, Michael J. and Zadeh, Reza and Zaharia, Matei and Talwalkar, Ameet},
  title = {{MLlib: Machine Learning in Apache Spark}},
  journal = {Journal of Machine Learning Research},
  issue_date = {January 2016},
  volume = {17},
  number = {1},
  month = jan,
  year = {2016},
  pages = {1235--1241},
}

@inproceedings{zaharia:spark-streaming,
  author = {Zaharia, Matei and Das, Tathagata and Li, Haoyuan and Hunter, Timothy and Shenker, Scott and Stoica, Ion},
  title = {{Discretized Streams: Fault-tolerant Streaming Computation at Scale}},
  crossref = {SOSP13},
} 

@inproceedings{pivot-tracing:sosp15,
  author = {Mace, Jonathan and Roelke, Ryan and Fonseca, Rodrigo},
  title = {{Pivot Tracing: Dynamic Causal Monitoring for Distributed Systems}},
  crossref = {SOSP15},
  pages = {378--393},
}

@article{dist-debugging:queue16,
  author = {Beschastnikh, Ivan and Wang, Patty and Brun, Yuriy and Ernst, Michael D},
  title = {{Debugging Distributed Systems}},
  journal = {Queue},
  issue_date = {March-April 2016},
  volume = {14},
  number = {2},
  month = {mar},
  year = {2016},
  pages = {50:91--50:110},
  articleno = {50},
  numpages = {20},
  publisher = {ACM},
  address = {New York, NY, USA},
}

@inproceedings{x-ray:osdi12,
  author = {Mona Attariyan and MIchael Chow and Jason Flinn},
  title = {{X-ray: Automating Root-Cause Diagnosis of Performance Anomalies in Production Software}},
  crossref = {OSDI12},
}

@inproceedings{whodunit:eurosys07,
  author = {Chanda, Anupam and Cox, Alan L. and Zwaenepoel, Willy},
  title = {{Whodunit: Transactional Profiling for Multi-tier Applications}},
  crossref = {EUROSYS07},
  pages = {17--30},
}

@inproceedings{pinpoint:dsn02,
  author = {Chen, Mike Y. and Kiciman, Emre and Fratkin, Eugene and Fox, Armando and Brewer, Eric},
  title = {{Pinpoint: Problem Determination in Large, Dynamic Internet Services}},
  booktitle = {Proceedings of the 2002 International Conference on Dependable Systems and Networks},
  series = {DSN '02},
  year = {2002},
  pages = {595--604},
  publisher = {IEEE Computer Society},
  address = {Washington, DC, USA},
}

@inproceedings{fay:sosp11,
  author = {Erlingsson, \'{U}lfar and Peinado, Marcus and Peter, Simon and Budiu, Mihai},
  title = {{Fay: Extensible Distributed Tracing from Kernels to Clusters}},
  crossref = {SOSP11},
  pages = {311--326},
}

@inproceedings{x-trace:nsdi07,
  author = {Fonseca, Rodrigo and Porter, George and Katz, Randy H. and Shenker, Scott and Stoica, Ion},
  title = {{X-trace: A Pervasive Network Tracing Framework}},
  crossref = {NSDI07},
  pages = {20--20},
}

@inproceedings{mtracer:sose14,
  author={J. Zhou and Z. Chen and H. Mi and J. Wang},
  title ={{MTracer: A Trace-Oriented Monitoring Framework for Medium-Scale Distributed Systems}},
  booktitle={2014 IEEE 8th International Symposium on Service Oriented System Engineering},
  year={2014},
  pages={266-271},
  month={April},
}

@inproceedings{lprof:osdi14,
  author = {Xu Zhao and Yongle Zhang and David Lion and Muhammad Faizan Ullah and Yu Luo and Ding Yuan and Michael Stumm},
  title = {{lprof: A Non-intrusive Request Flow Profiler for Distributed Systems}},
  crossref = {OSDI14},
  pages = {629--644},
}

@techreport{dapper:google10,
  title = {{Dapper, a Large-Scale Distributed Systems Tracing Infrastructure}},
  author  = {Benjamin H. Sigelman and Luiz André Barroso and Mike Burrows and Pat Stephenson and Manoj Plakal and Donald Beaver and Saul Jaspan and Chandan Shanbhag},
  year  = 2010,
  URL = {https://research.google.com/archive/papers/dapper-2010-1.pdf},
  institution = {Google, Inc.}
}

@inproceedings{flowdiff:nsdi11,
  title = {Diagnosing performance changes by comparing request ﬂows},
  author  = {Raja R. Sambasivan and Alice X. Zheng and Michael De Rosa and Elie Krevat and Spencer Whitman and Michael Stroucken and William Wang and Lianghong Xu and Gregory R. Ganger},
  crossref = {NSDI11},
}

@article{aspectj-introduction,
  author = {Elrad, Tzilla and Filman, Robert E. and Bader, Atef},
  title = {{Aspect-oriented Programming: Introduction}},
  journal = {Communications of the ACM},
  issue_date = {Oct. 2001},
  volume = {44},
  number = {10},
  month = oct,
  year = {2001},
  pages = {29--32},
  numpages = {4},
  publisher = {ACM},
  address = {New York, NY, USA},
}

@inproceedings{aspectj:ecoop01,
  author = {Kiczales, Gregor and Hilsdale, Erik and Hugunin, Jim and Kersten, Mik and Palm, Jeffrey and Griswold, William G.},
  title = {{An Overview of AspectJ}},
  booktitle = {Proceedings of the 15th European Conference on Object-Oriented Programming},
  series = {ECOOP '01},
  year = {2001},
  pages = {327--353},
  publisher = {Springer-Verlag},
  address = {London, UK, UK},
}

@misc{spark:web,
  title     = {{Apache Spark}},
  author    = {Spark},
  note      = {\URL{http://spark.apache.org/developer-tools.html#profiling}}
}

@misc{cluster:web,
  title     = {{Cluster Performance Profiling}},
  note      = {\URL{http://ihorbobak.com/index.php/2015/08/05/cluster-profiling/}}
}

@misc{google:web,
  title     = {{Building Software Systems at Google and Lessons Learned}},
  note      = {\URL{https://static.googleusercontent.com/media/research.google.com/en//people/jeff/Stanford-DL-Nov-2010.pdf}}
}

@misc{awsxray:web,
  title     = {{AWS X-Ray (preview): Analyze and debug production, distributed applications}},
  author    = {Amazon},
  note      = {\URL{https://aws.amazon.com/xray/}}
}

@misc{cloudlab:web,
  title     = {{CloudLab}},
  note      = {\URL{https://www.cloudlab.us/}}
}

