@misc{waiman:spinlock,
  author    = {Waiman Long},
  title     = {{locking/qspinlock: Enhance pvqspinlock \& introduce queued unfair lock}},
  year      = {2015},
  note      = {https://lwn.net/Articles/650776/},
}

@inproceedings{Min:DANBI:PACT13,
author={Min, Changwoo and Eom, Young Ik},
title = "{DANBI: Dynamic Scheduling of Irregular Stream Programs for Many-Core Systems}",
booktitle = {Proceedings of the 22st International Conference on Parallel Architectures and Compilation Techniques},
series = {PACT '13},
year = {2013},
publisher = {ACM},
}

@article{Min:LECDQ:TPDS15,
author={Changwoo Min and Young Ik Eom},
title="{Integrating Lock-free and Combining Techniques for a Practical and Scalable FIFO Queue}", 
journal={IEEE Transactions on Parallel and Distributed Systems}, 
year={2015}, 
volume={26}, 
number={7}, 
publisher = {IEEE},
}
