@inproceedings{drtm:sosp15,
  author = {Wei, Xingda and Shi, Jiaxin and Chen, Yanzhe and Chen, Rong and Chen, Haibo},
  title = {{Fast In-memory Transaction Processing Using RDMA and HTM}},
  pages = {87--104},
  crossref = {SOSP15},
}

@article{gwp:micro10,
  author = {Ren, Gang and Tune, Eric and Moseley, Tipp and Shi, Yixin and Rus, Silvius and Hundt, Robert},
  title = {{Google-Wide Profiling: A Continuous Profiling Infrastructure for Data Centers}},
  journal = {IEEE Micro},
  issue_date = {July 2010},
  volume = {30},
  number = {4},
  month = jul,
  year = {2010},
  issn = {0272-1732},
  pages = {65--79},
  numpages = {15},
  publisher = {IEEE Computer Society Press},
  address = {Los Alamitos, CA, USA},
}

@inproceedings{sangjin:disaggregation,
  author = {Sangjin Han and Norbert Egi and Aurojit Panda and Sylvia Ratnasamy and Guangyu Shi and Scott Shenker},
  title = {{Network Support for Resource Disaggregation in Next-Generation Datacenters}},
  crossref = {HOTNETS15},
}

@inproceedings{peter:disaggregation,
  author = {Peter X. Gao and Akshay Narayan and Sagar Karandikar and Joao Carreira and Sangjin Han and Rachit Agarwal and Sylvia Ratnasamy and Scott Shenker},
  title = {{Network Requirements for Resource Disaggregation}},
  crossref = {OSDI16},
}

@inproceedings{ana:flash,
  author = {Ana Klimovic and Christos Kozyrakis and Eno Thereksa and Binu John and Sanjeev Kumar},
  title = {{Flash Storage Disaggregation}},
  crossref = {EUROSYS16},
}

@misc{nvmeoverfabric:web,
  title     = {{NVM Express over Fabrics Specification Released}},
  year      = 2016,
  month     = jun,
  note      = {\URL{http://www.nvmexpress.org/nvm-express-over-fabrics-specification-released/}}
}

@misc{gpudirectrdma:web,
  title     = {{Benchmarking GPUDirect RDMA on Modern Server Platforms}},
  author    = {Davide Rossetti},
  year      = 2014,
  month     = oct,
  note      = {\URL{https://devblogs.nvidia.com/parallelforall/benchmarking-gpudirect-rdma-on-modern-server-platforms/}}
}

@inproceedings{john:ramcloud,
  author = {John Ousterhout and Parag Agrawal and David Erickson and Christos Kozyrakis and Jacob Leverich and David Mazi{\`e}res and Subhasish Mitra and Aravind Narayanan and Guru Parulkar and Mendel Rosenblum and Stephen M. Rumble and Eric Stratmann and Ryan Stutsman},
  title = {{The Case for RAMClouds:Scalable High-Performance Storage Entirely in DRAM }},
  crossref = {OSR09},
}

@inproceedings{anuj:herd,
  author = {Anuj Kalia and Michael Kaminsky and David G. Andersen},
  title = {{Using RDMA Efficiently for Key-Value Services}},
  crossref = {SIGCOMM14},
}

@inproceedings{anuj:fasst,
  author = {Anuj Kalia and Michael Kaminsky and David G. Andersen},
  title = {{FaSST: Fast, Scalable and Simple Distributed Transactions with Two-sided (RDMA) Datagram RPCs}},
  crossref = {OSDI16},
}

@inproceedings {anuj:rdmadesign,
    author = {Anuj Kalia and Michael Kaminsky and David G. Andersen},
    title = {{Design Guidelines for High Performance RDMA Systems}},
    pages = {437--450},
    crossref = {ATC16},
}

@inproceedings {grappa:atc15,
    author = {Jacob Nelson and Brandon Holt and Brandon Myers and Preston Briggs and Luis Ceze and Simon Kahan and Mark Oskin},
    title = {{Latency-Tolerant Software Distributed Shared Memory}},
    pages = {291--305},
    crossref = {ATC15},
}

@inproceedings{alek:farm,
  author = {Aleksandar Dragojevic and Dushyanth Narayanan and Orion Hodson and Miguel Castro},
  title = {{FaRM: Fast Remote Memory}},
  crossref = {NSDI14},
}

@inproceedings{stanko:rackout,
  author = {Stanko Novakovic and Alexandros Daglis and Edouard Bugnion and Babak Falsafi and Boris Grot},
  title = {{The Case for RackOut: Scalable Data Serving Using Rack-Scale Systems}},
  crossref = {SOCC16},
}

@inproceedings{amazon:dynamo,
  author = {Giuseppe DeCandia and Deniz Hastorun and Madan Jampani and Gunavardhan Kakulapati and Avinash Lakshman and Alex Pilchin and Swaminathan Sivasubramanian and Peter Vosshall and Werner Vogels},
  title = {{Dynamo: Amazon’s Highly Available Key-value Store}},
  crossref = {SOSP07},
}

@inproceedings{stanko:sonuma,
  author = {Stanko Novaković and Alexandros Daglis and Edouard Bugnion and Babak Falsafi and Boris Grot†},
  title = {{Scale-Out NUMA}},
  crossref = {ASPLOS14},
}

@inproceedings{andrew:catapult,
  author = {Andrew Putnam and Adrian M. Caulfield and Eric S. Chung and Derek Chiou
and Kypros Constantinides and John Demme and Hadi Esmaeilzadeh and Jeremy Fowers
and Gopi Prashanth Gopal and Jan Gray and Michael Haselman and Scott Hauck and
Stephen Heil and Amir Hormati and  Joo-Young Kim and Sitaram Lanka and James Larus
and Eric Peterson and Simon Pope and Aaron Smith and Jason Thong and Phillip Yi Xiao
and Doug Burger},
  title = {{A Reconfigurable Fabric for Accelerating Large-Scale Datacenter Services}},
  crossref = {ISCA14},
}

@inproceedings{bojie:clicknp,
  author = {Bojie Li and Kun Tan and Layong Luo and Yanqing Peng and Renqian Luo
and Ningyi Xu and Yongqiang Xiong and Peng Cheng and Enhong Chen},
  title = {{ClickNP: Highly Flexible and High Performance Network Processing with Reconfigurable Hardware}},
  crossref = {SIGCOMM16},
}

@inproceedings{guo:pingmesh,
  author = {Chuanxiong Guo and Lihua Yuan and Dong Xiang and Yingnong Dang and Ray Huang and Dave Maltz and
  Zhaoyi Liu and Vin Wang and Bin Pang and Hua Chen and Zhi-Wei Lin and Varugis Kurien},
  title = {{Pingmesh: A Large-Scale System for Data Center Network Latency Measurement and Analysis}},
  crossref = {SIGCOMM15},
}

@misc{omnipath:web,
  title     = {{Intel Omni-Path}},
  author    = {Intel},
  note      = {\URL{http://www.intel.com/content/www/us/en/high-performance-computing-fabrics/omni-path-architecture-fabric-overview.html}}
}

@misc{genz:web,
  title     = {{GenZ interconnect}},
  author    = {HP},
  note      = {\URL{http://genzconsortium.org/}}
}

@misc{latency:web,
  title     = {{Latency Is Everywhere And It Costs You Sales - How To Crush It}},
  note      = {\URL{http://highscalability.com/blog/2009/7/25/latency-is-everywhere-and-it-costs-you-sales-how-to-crush-it.html}}
}

@misc{amazon:web,
  title     = {{Make Data Useful}},
  author    = {Amazon},
  note      = {\URL{http://www.gduchamp.com/media/StanfordDataMining.2006-11-28.pdf}}
}

@misc{amazon:f1:web,
  title     = {{Amazon EC2 F1 Instances (Preview): Run Custom FPGAs in the AWS Cloud}},
  author    = {Amazon},
  note      = {\URL{https://aws.amazon.com/ec2/instance-types/f1/}}
}

@misc{mellanox:200gb:web,
  title     = {{ConnectX-6 EN 200Gb/s Adapter Card}},
  note      = {\URL{https://www.mellanox.com/related-docs/user_manuals/PB_ConnectX-6_EN_Card.pdf}},
  year      = 2016,
}

@misc{mellanox:prodcut:web,
  title     = {{RoCE in the Data Center}},
  note      = {\URL{http://www.mellanox.com/page/products_dyn?product_family=79}}
}

@misc{rackintel:web,
  title     = {{Propel Your Data Center Into the Future}},
  note      = {\URL{http://www.intel.com/content/www/us/en/architecture-and-technology/rack-scale-design-overview.html}}
}

@misc{facebook:rackscale:web,
  title     = {{Facebook's Disaggregated Racks Strategy Provides an Early Glimpse into Next Gen Cloud Computing Data Center Infrastructures}},
  note      = {\URL{https://www.dcig.com/2015/01/facebooks-disaggregated-racks-strategy-provides-early-glimpse-next-gen-cloud-computing.html}}
}

@misc{oracle:sonoma:web,
  title     = {{Oracle Aims "Sonoma" Sparc At Scale Out Clusters}},
  note      = {\URL{https://www.nextplatform.com/2015/08/25/oracle-aims-sonoma-sparc-at-scale-out-clusters/}}
}

@misc{mellanox:100G,
  title     = {{Programmable ConnectX-3 Pro Adapter Card}},
  author    = {Mellanox},
  note      = {\URL{http://www.mellanox.com/related-docs/prod_adapter_cards/PB_Programmable_ConnectX-3_Pro_\%20Card_VPI.pdf}}
}

@misc{intel:fpga,
  title     = {{Intel Programmable FPGAs}},
  author    = {Intel},
  note      = {\URL{http://www.intel.com/content/www/us/en/fpga/devices.html}}
}