@misc{hpctoolkit:web,
  title     = {{HPCToolkit}},
  note      = {\URL{http://hpctoolkit.org/}}
}

@misc{lockstat:web,
  title     = {{Lock Statistics}},
  note      = {\URL{https://www.kernel.org/doc/Documentation/locking/lockstat.txt}}
}

@misc{latencytop:web,
  title     = {{latencytop(8) - Linux man page}},
  note      = {\URL{https://linux.die.net/man/8/latencytop}}
}

@misc{fxmark:web,
  title     = {{FxMark: Filesystem Multicore Scalability Benchmark}},
  note      = {\URL{https://github.com/sslab-gatech/fxmark}}
}

@misc{vbench:web,
  title     = {{VBench: Multicore Scalability Application Benchmark}},
  note      = {\URL{https://github.com/sslab-gatech/vbench/tree/fxmark-apps}}
}

@misc{perflinux:web,
  title     = {{perf: Linux profiling with performance counters}},
  note      = {\URL{https://perf.wiki.kernel.org/index.php/Main_Page}}
}

@misc{vtune:web,
  title     = {{VTune Amplifier 2017}},
  author    = {Intel},
  note      = {\URL{https://software.intel.com/en-us/intel-vtune-amplifier-xe}}
}

@misc{tbb:web,
  title     = {{Treading Building Blocks}},
  author    = {Intel},
  note      = {\URL{https://www.threadingbuildingblocks.org/}}
}

@misc{boost:web,
  title     = {{Boost C++ Libraries}},
  note      = {\URL{http://www.boost.org/}}
}

@misc{ck:web,
  title     = {{Concurrency Kit}},
  author    = {Samy Al Bahra},
  note      = {\URL{http://concurrencykit.org/}}
}

@misc{mysql:web,
  title     = {{MySQL}},
  author    = {Oracle},
  note      = {\URL{https://www.mysql.com/}}
}

@misc{rocksdb:web,
  title     = {{RocksDB: A persistent key-value store for fast storage environments}},
  author    = {Facebook},
  note      = {\URL{http://rocksdb.org/}}
}

@misc{bcc:web,
  title     = {{BPF Compiler Collection (BCC)}},
  author    = {IO Visor Project},
  note      = {\URL{https://github.com/iovisor/bcc}}
}

@book{intel:sys-guide,
	author        = {{Intel Corporation}},
	title         = {{Intel\textsuperscript{\textregistered} 64 and IA-32 Architectures Software Developer's Manual}},
	year          = {2011},
	month         = {May},
	number        = {253669-033US},
}

@INPROCEEDINGS{watchpoint:ols2009,
	AUTHOR =       "Prasad Krishnan",
	TITLE =        "{Hardware Breakpoint (or watchpoint) usage in Linux Kernel}",
	BOOKTITLE =    "Proceedings of the 2009 Ottawa Linux Symposium (OLS 2009)",
	YEAR =         "2009",
	MONTH =        "June",
	ADDRESS =      "Ottawa, Canada",
	PAGES =        "149--158",
}

@misc{kprobes:doc,
  title     = {{Kernel Probes (Kprobes)}},
  author    = {Jim Keniston, Prasanna S Panchamukhi, Masami Hiramatsu},
  note      = {\URL{https://www.kernel.org/doc/Documentation/kprobes.txt}}
}

@inproceedings{hoard:asplos00,
	author = {Berger, Emery D. and McKinley, Kathryn S. and Blumofe, Robert D. and Wilson, Paul R.},
	title = {{Hoard: A Scalable Memory Allocator for Multithreaded Applications}},
	booktitle = {Proceedings of the Ninth International Conference on Architectural Support for Programming Languages and Operating Systems},
	series = {ASPLOS IX},
	year = {2000},
	pages = {117--128},
	numpages = {12},
	publisher = {ACM},
	address = {New York, NY, USA},
}

@inproceedings{jemalloc:bsdcan06,
    author  = {Evans, Jason},
    title   = {{A Scalable Concurrent malloc(3) Implementation for FreeBSD}},
    booktitle = {Proceedings of the Second BSD Conference},
    series  = {BSDCan 06},
    pages   = {1--14},
    numpages = {14},
    year = {2006},
}

@misc{tcmalloc,
    author  = {Ghemawat, Sanjay and Menage, Paul},
    title   = {{TCMalloc : Thread-Caching Malloc}},
    note    = {\URL{http://goog-perftools.sourceforge.net/doc/tcmalloc.html}},
}

@inproceedings{sfmalloc:pact11,
	author = {Seo, Sangmin and Kim, Junghyun and Lee, Jaejin},
	title = {{SFMalloc: A Lock-Free and Mostly Synchronization-Free Dynamic Memory Allocator for Manycores}},
	booktitle = {Proceedings of the 2011 International Conference on Parallel Architectures and Compilation Techniques},
	series = {PACT '11},
	year = {2011},
	pages = {253--263},
	numpages = {11},
}

@inproceedings{kang:spanfs,
  title={{SpanFS: a scalable file system on fast storage devices}},
  author={Kang, Junbin and Zhang, Benlong and Wo, Tianyu and Yu, Weiren and Du, Lian and Ma, Shuai and Huai, Jinpeng},
  crossref  = {ATC15},
}

@inproceedings {waffinity:osdi16,
	author = {Matthew Curtis-Maury and Vinay Devadas and Vania Fang and Aditya Kulkarni},
	title = {{To Waffinity and Beyond: A Scalable Architecture for Incremental Parallelization of File System Code}},
	booktitle = {12th USENIX Symposium on Operating Systems Design and Implementation (OSDI 16)},
	year = {2016},
	pages = {419--434},
	publisher = {USENIX Association},
}

@inproceedings {mtcp:nsdi14,
	author = {EunYoung Jeong and Shinae Wood and Muhammad Jamshed and Haewon Jeong and Sunghwan Ihm and Dongsu Han and KyoungSoo Park},
	title = {{mTCP: a Highly Scalable User-level TCP Stack for Multicore Systems}},
	booktitle = {11th USENIX Symposium on Networked Systems Design and Implementation (NSDI 14)},
	year = {2014},
	month = Apr,
	pages = {489--502},
	publisher = {USENIX Association},
}

@inproceedings {megapipe:osdi12,
	author = {Sangjin Han and Scott Marshall and Byung-Gon Chun and Sylvia Ratnasamy},
	title = {{MegaPipe: A New Programming Interface for Scalable Network I/O}},
	booktitle = {Presented as part of the 10th USENIX Symposium on Operating Systems Design and Implementation (OSDI 12)},
	year = {2012},
	pages = {135--148},
	publisher = {USENIX},
}

@inproceedings {prwlock:atc14,
	author = {Ran Liu and Heng Zhang and Haibo Chen},
	title = {{Scalable Read-mostly Synchronization Using Passive Reader-Writer Locks}},
	booktitle = {2014 USENIX Annual Technical Conference (USENIX ATC 14)},
	year = {2014},
	month = Jun,
	pages = {219--230},
	publisher = {USENIX Association},
}

@inproceedings{hpctoolkit:ppopp10,
  author = {Tallent, Nathan R. and Mellor-Crummey, John M. and Porterfield, Allan},
  title = {{Analyzing Lock Contention in Multithreaded Applications}},
  crossref  = {PPOPP10},
}

@inproceedings{altman:oopsla10,
 author   = {Altman, Erik and Arnold, Matthew and Fink, Stephen and Mitchell, Nick},
 title    = {{Performance Analysis of Idle Programs}},
 crossref = {OOPSLA10},
}