%% operating system
@inproceedings{krieger:k42,
  author = {Krieger, Orran and Auslander, Marc and Rosenburg, Bryan and Wisniewski, Robert W. and Xenidis, Jimi and Da Silva, Dilma and Ostrowski, Michal and Appavoo, Jonathan and Butrico, Maria and Mergen, Mark and Waterland, Amos and Uhlig, Volkmar},
  title = {{K42: Building a Complete Operating System}},
  crossref  = {EUROSYS06},
}

@inproceedings{boyd-wickizer:corey,
  author    = {Silas Boyd-Wickizer and Haibo Chen and Rong Chen and
            Yandong Mao and M. Frans Kaashoek and Robert Morris and 
            Aleksey Pesterev and Lex Stein and Ming Wu and Yuehua 
            Dai and Yang Zhang and Zheng Zhang},
  title     = {{Corey: An Operating System for Many Cores}},
  crossref  = {OSDI08},
}

@inproceedings{baumann:barrelfish,
  author    = {Baumann, Andrew and Barham, Paul and Dagand, Pierre-Evariste and 
            Harris, Tim and Isaacs, Rebecca and Peter, Simon and Roscoe, Timothy and
            Sch\"{u}pbach, Adrian and Singhania, Akhilesh}, 
  title     = {{The Multikernel: A New OS Architecture for Scalable Multicore Systems}},
  crossref  = {OSDI08},
} 

@inproceedings{boyd-wickizer:scalability,
  author    = {Boyd-Wickizer, Silas and Clements, Austin T. and Mao, Yandong and Pesterev, 
               Aleksey and Kaashoek, M. Frans and Morris, Robert and Zeldovich, Nickolai}, 
  title     = {{An Analysis of Linux Scalability to Many Cores}},
  crossref  = {OSDI10},
} 

@inproceedings{belay:dune,
  author    = {Belay, Adam and Bittau, Andrea and Mashtizadeh, Ali Jos{\'e} and Terei, David and Mazieres, David and Kozyrakis, Christos},
  title     = {{Dune: Safe User-level Access to Privileged CPU Features}},
  crossref  = {OSDI10},
}

@inproceedings{boyd-wickizer:lock,
  author    = {Boyd-Wickizer, Silas and Kaashoek, M. Frans and Morris, Robert and Zeldovich, Nickolai},
  title     = {{Non-scalable locks are dangerous}},
  crossref  = {OLS2012},
} 

@inproceedings{clements:bonsai,
  author    = {Clements, Austin T. and Kaashoek, M. Frans and Zeldovich, Nickolai},
  title     = {{Scalable Address Spaces Using RCU Balanced Trees}},
  crossref  = {ASPLOS12},
} 

@inproceedings{clements:radixvm,
  author    = {Clements, Austin T. and Kaashoek, M. Frans and Zeldovich, Nickolai},
  title     = {{RadixVM: Scalable Address Spaces for Multithreaded Applications}},
  crossref  = {EUROSYS13},
} 

@inproceedings{clements:sv6,
  author    = {Clements, Austin T. and Kaashoek, M. Frans and Zeldovich, Nickolai and 
               Morris, Robert T. and Kohler, Eddie},
  title     = {{The Scalable Commutativity Rule: Designing Scalable Software for Multicore Processors}},
  crossref  = {SOSP13},
} 

@inproceedings{david:sync,
  author    = {David, Tudor and Guerraoui, Rachid and Trigonakis, Vasileios},
  title     = {{Everything You Always Wanted to Know About Synchronization but Were Afraid to Ask}},
  crossref  = {SOSP13},
} 

@inproceedings{peter:arrakis,
  author    = {Peter, Simon and Li, Jialin and Zhang, Irene and Ports, Dan RK and Krishnamurthy, Arvind and Anderson, Thomas and Roscoe, Timothy},
  title     = {{Arrakis: The Operating System is the Control Plane}},
  crossref  = {OSDI14},
}

@inproceedings{belay:ix,
  author    = {Belay, Adam and Prekas, George and Klimovic, Ana and Grossman, Samuel and Kozyrakis, Christos and Bugnion, Edouard},
  title     = {{IX: A protected dataplane operating system for high throughput and low latency}},
  crossref  = {OSDI14},
}

@misc{fitzhardinge:paralock,
  author    = {Jeremy Fitzhardinge},
  title     = {{Paravirtual spinlocks}},
  year      = {2008},
  note      = {\URL{http://lwn.net/Articles/289039/}},
}

@misc{cpuhotplug,
  author    = {Ashok Raj},
  title     = {{CPU hotplug Support in Linux(tm) Kernel}},
  year      = {2006},
  note      = {\URL{https://www.kernel.org/doc/Documentation/cpu-hotplug.txt}},
}


%% architecture and hardware
@inproceedings{kurian:atac,
  author    = {Kurian, George and Miller, Jason E. and Psota, James and Eastep, Jonathan and Liu, 
               Jifeng and Michel, Jurgen and Kimerling, Lionel C. and Agarwal, Anant},
  title     = {{ATAC: A 1000-core Cache-coherent Processor with On-chip Optical Network}},
  crossref  = {PACT10},
}

@inproceedings{esmaeilzadeh:darksilicon,
  author    = {Esmaeilzadeh, Hadi and Blem, Emily and St. Amant, Renee and 
               Sankaralingam, Karthikeyan and Burger, Doug},
  title     = {{Dark Silicon and the End of Multicore Scaling}},
  crossref  = {ISCA11},
}

@Manual{hp:cs900,
  title     = {{Converged System for SAP HANA Scale-out Configurations}},
  organization = {HP},
  note      =	 {\URL{http://www8.hp.com/h20195/v2/GetPDF.aspx\%2F4AA5-1488ENN.pdf}},
  year      = 2015,
}

%% IB/RDMA-related
@Comment XXX. SAN 04
@misc{ib:active-cache,
  author    = {S. Narravula and P. Balaji and K. Vaidyanathan and S. Krishnamoorthy and J. Wu and D. K. Panda},
  title     = {{Supporting Strong Coherency for Active Caches in Multi-Tier Data-Centers over InfiniBand}},
  year      = {2004}
}

%% Intel processor
@manual{xeon8890:intel,
  title     = {{Xeon Processor E7-8890 v4 (60M Cache, 2.20 GHz)}},
  organization = {Intel},
  note      =	 {\URL{http://ark.intel.com/products/93790/Intel-Xeon-Processor-E7-8890-v4-60M-Cache-2_20-GHz}},
  year      = 2016,
}

@manual{xeonphi7290:intel,
  title     = {{Xeon Phi Processor 7290 (16GB, 1.50 GHz, 72 core)}},
  organization = {Intel},
  note      =	 {\URL{http://ark.intel.com/products/95830/Intel-Xeon-Phi-Processor-7290-16GB-1_50-GHz-72-core}},
  year      = 2016,
}

%% Oracle processor
@manual{m7server:oracle,
  title     = {{Data Sheet: SPARC M7-16 Server}},
  organization = {Oracle},
  note      =	 {\URL{http://www.oracle.com/us/products/servers-storage/sparc-m7-16-ds-2687045.pdf}},
  year      = 2015,
}

%% Xeon Phi-related
@manual{intel:xeonphi,
  title     = {{Intel Xeon Phi Product Family}},
  organization = {Intel},
  note      =	 {\URL{http://www.intel.com/xeonphi}},
  year      = 2015,
}

@inproceedings{xeon-phi:mic-meter,
  author    = {Fang, Jianbin and Sips, Henk and Zhang, LiLun and Xu, Chuanfu and Che, Yonggang and Varbanescu, Ana Lucia},
  title     = {{Test-driving Intel Xeon Phi}},
  booktitle = {Proceedings of the 5th ACM/SPEC International Conference on Performance Engineering (ICPE '14)},
  year      = {2014},
  location  = {Dublin, Ireland},
  pages     = {137--148},
}

@techreport{xeon-phi:benchmarking,
  title     = {{Benchmarking Intel Xeon Phi to Guide Kernel Design}},
  author    = {Jianbin Fang and  Ana Lucia Varbanescu and Henk Sips and Lilun Zhang and Yonggang Che and Chuanfu Xu},
  booktitle = {Parallel and Distributed Systems Report Series, PDS-2013-005},
  institution = {Delft University of Technology},
  month     = apr,
  year      = {2013},
}

@book{xeon-phi:book,
  title     = {{Intel Xeon Phi coprocessor high-performance programming}},
  author    = "Jeffers, Jim and Reinders, James",
  publisher = "Elsevier Waltham (Mass.)",
  isbn      = "978-0-12-410414-3",
  year      = 2013,
}

@Manual{top500:tianhe2,
  title     = {{Tianhe-2 (MilkyWay-2) : National University of Defense Technology}},
  organization = {TOP500},
  note      =	 {\URL{http://tinyurl.com/lrpezzb}},
  year      = 2015,
}

@Manual{intel:swdevguide,
  title     = {{Intel Xeon Phi Coprocessor System Software Developers Guide}},
  organization = {Intel},
  note      =	 {\URL{http://www.intel.com/content/dam/www/public/us/en/documents/product-briefs/xeon-phi-coprocessor-system-software-developers-guide.pdf}},
  year      = 2015,
}

@Manual{intel:mpss,
  title     = {{Intel Manycore Platform Software Stack (MPSS)}},
  organization = {Intel},
  note      =	 {\URL{https://software.intel.com/en-us/articles/intel-manycore-platform-software-stack-mpss}},
  year      = 2015,
}

@article{barbalace:popcorn14,
  title     = {{Popcorn: a replicated-kernel OS based on Linux}},
  author    = {Barbalace, Antonio and Ravindran, Binoy and Katz, David},
  crossref  = {OLS2014},
}

@inproceedings{barbalace:popcorn15,
  author    = {Barbalace, Antonio and Sadini, Marina and Ansary, Saif and
               Jelesnianski, Christopher and Ravichandran, Akshay and
	       Kendir, Cagil and Murray, Alastair  and Ravindran, Binoy},
  title     = {{Popcorn: Bridging the Programmability Gap in Heterogeneous-ISA Platforms}},
  crossref  = {EUROSYS15},
}

%% GPU
@inproceedings{silberstein:gpufs,
  author    = {Silberstein, Mark and Ford, Bryan and Keidar, Idit and Witchel, Emmett},
  title     = {{GPUfs: Integrating a File System with GPUs}},
  pages     = {485--498},
  crossref  = {ASPLOS13},                  
} 

@inproceedings {kim:gpunet,
  author   = {Sangman Kim and Seonggu Huh and Xinya Zhang and Yige Hu and Amir Wated and Emmett Witchel and Mark Silberstein},
  title    = {{GPUnet: Networking Abstractions for GPU Programs}},
  crossref = {OSDI14},
  pages    = {201--216},
}

@article{fatahalian:gpu,
  author   = {Fatahalian, Kayvon and Houston, Mike},
  title    = {{A Closer Look at GPUs}},
  month    = oct,
  pages    = {50--57},
  crossref = {CACM08},
} 

%% spinlock
@article{mellor-crummey:mcslock,
  author = {Mellor-Crummey, John M. and Scott, Michael L.},
  title = {{Algorithms for scalable synchronization on shared-memory multiprocessors}},
  pages = {21--65},
  crossref = {TOCS91},
}
                  
@misc{lwn:qspinlocks,
  title     = {{MCS locks and qspinlocks}},
  author    = {Jonathan Corbet},
  mon       = mar,
  year      = 2014,
  note      = {\URL{http://lwn.net/Articles/590243}}
}

%% ARM Seattle
@misc{amd:seattle,
  title     = {{AMD's 64-bit ``Seattle'' ARM processor brings best of breed hardware and software to the data center}},
  author    = {Lawrence Latif},
  mon       = dec,
  year      = 2013,
  note      = {\URL{http://community.amd.com/community/amd-blogs/amd-business/blog/2013/12/12/amd-s-64-bit-seattle-arm-processor-brings-best-of-breed-hardware-and-software-to-the-datacenter}}
}

@misc{amd:seattledetail,
  title     = {{AMD Details ``Seattle'' ARM Server Chip}},
  author    = {Timothy Prickett Morgan},
  mon       = aug,
  year      = 2014,
  note      = {\URL{http://www.enterprisetech.com/2014/08/11/amd-details-seattle-arm-server-chip}}
}

%% FPGA
@misc{intel:xeonfpga,
  title     = {{Intel unveils new Xeon chip with integrated FPGA, touts 20x performance boost}},
  author    = {Sebastian Anthony},
  mon       = jun,
  year      = 2014,
  note      = {\URL{http://www.extremetech.com/extreme/184828-intel-unveils-new-xeon-chip-with-integrated-fpga-touts-20x-performance-boost}}
}

@inproceedings{putnam:catapult,
  author    = {Andrew Putnam and Adrian Caulfield and Eric Chung and Derek Chiou and Kypros
               Constantinides and John Demme and Hadi Esmaeilzadeh and Jeremy Fowers and Gopi
               Prashanth Gopal and Jan Gray and Michael Haselman and Scott Hauck and Stephen
               Heil and Amir Hormati and Joo-Young Kim and Sitaram Lanka and Jim Larus and Eric
               Peterson and Simon Pope and Aaron Smith and Jason Thong and Phillip Yi Xiao and
               Doug Burger},
  title     = {{A reconfigurable fabric for accelerating large-scale datacenter services}},
  crossref  = {ISCA14},
  pages     = {13--24},
}

@article{woods:ibex,
  title     = {{Ibex-An Intelligent Storage Engine with Support for Advanced SQL Off-loading}},
  author    = {Woods, Louis and Istv{\'a}n, Zsolt and Alonso, Gustavo},
  journal   = {Proc. VLDB Endowment (PVLDB)},
  year      = {2014}
}

%% NDP (Near-Data Processing)
@article{balasubramonian:ndp,
  title     = {{Near-Data Processing: Insights from a MICRO-46 Workshop}},
  author    = {Balasubramonian, Rajeev and Chang, Jichuan and Manning, Troy and Moreno, Jaime H and Murphy, Richard and Nair, Ravi and Swanson, Steven},
  journal   = {Micro, IEEE},
  volume    = {34},
  number    = {4},
  pages     = {36--42},
  year      = {2014},
  publisher = {IEEE}
}

@inproceedings{do:smartssd,
 author     = {Do, Jaeyoung and Kee, Yang-Suk and Patel, Jignesh M. and Park, Chanik and Park, Kwanghyun and DeWitt, David J.},
 title      = {{Query Processing on Smart SSDs: Opportunities and Challenges}},
 booktitle  = {Proceedings of the 2013 ACM SIGMOD International Conference on Management of Data},
 series     = {SIGMOD '13},
 year       = {2013},
 location   = {New York, New York, USA},
 pages      = {1221--1230},
 publisher  = {ACM},
} 

@inproceedings{kang:smartssd,
  title     = {{Enabling cost-effective data processing with smart SSD}},
  author    = {Kang, Yangwook and Kee, Yang-Suk and Miller, Ethan L and Park, Chanik},
  booktitle = {Mass Storage Systems and Technologies (MSST), 2013 IEEE 29th Symposium on},
  pages     = {1--12},
  year      = {2013},
  organization = {IEEE}
}

@inproceedings{lee:ssdmerge,
  title     = {{Accelerating external sorting via on-the-fly data merge in active SSDs}},
  author    = {Lee, Young-Sik and Quero, Luis Cavazos and Lee, Youngjae and Kim, Jin-Soo and Maeng, Seungryoul},
  booktitle = {Proceedings of the 6th USENIX conference on Hot Topics in Storage and File Systems},
  pages     = {14--14},
  year      = {2014},
  organization = {USENIX Association}
}

@inproceedings{cho:activeflashw,
 author     = {Cho, Sangyeun and Park, Chanik and Oh, Hyunok and Kim, Sungchan and Yi, Youngmin and Ganger, Gregory R.},
 title      = {{Active Disk Meets Flash: A Case for Intelligent SSDs}},
 booktitle  = {Proceedings of the 27th International ACM Conference on International Conference on Supercomputing},
 series     = {ICS '13},
 year       = {2013},
 location   = {Eugene, Oregon, USA},
 pages      = {91--102},
 numpages   = {12},
 publisher  = {ACM},
} 

@inproceedings{tiwari:activeflash,
  title     = {{Active flash: towards energy-efficient, in-situ data analytics on extreme-scale machines}},
  author    = {Tiwari, Devesh and Boboila, Simona and Vazhkudai, Sudharshan S and Kim, Youngjae and Ma, Xiaosong and Desnoyers, Peter and Solihin, Yan},
  booktitle = {FAST},
  pages     = {119--132},
  year      = {2013}
}

@misc{bates:donard,
  title     = {{Accelerating Data Centers Using NVMe and CUDA}},
  author    = {Stephen Bates},
  series    = {Flash Memory Summit 2014},
  year      = 2014,
  note      = {\URL{http://pmcs.com/lit/pdfs/accelerating_datacenters_using_nvme_cuda.pdf}},
  location  = {Santa Clara, California},
}

@inproceedings{neuwirth:extoll,
  title     = {{Scalable communication architecture for network-attached accelerators}},
  author    = {Neuwirth, Sarah and Frey, Dirk and Nuessle, Mondrian and Bruening, Ulrich},
  booktitle = {High Performance Computer Architecture (HPCA), 2015 IEEE 21st International Symposium on},
  pages     = {627--638},
  year      = {2015},
  organization = {IEEE}
}

@inproceedings{kaufmann:flexnic,
  title     = {{FlexNIC: Rethinking Network DMA}},
  author    = {Kaufmann, Antoine and Peter, Simon and Anderson, Thomas and Krishnamurthy, Arvind},
  booktitle = {Proceedings of the 15th USENIX workshop on Hot Topics in Operating Systems},
  year      = {2015},
  organization = {USENIX Association}
}

@misc{mellanox:fpganic,
  title     = {{Programmable ConnectX-3 Pro Adapter Card}},
  author    = {{Mellanox Technologies}},
  year      = 2015,
  note      = {\URL{http://www.mellanox.com/related-docs/prod_adapter_cards/PB_Programmable_ConnectX-3_Pro_\%20Card_VPI.pdf}},
}

%% Misc. 
@article{russell:virtio,
  author   = {Russell, Rusty},
  title    = {{Virtio: Towards a De-facto Standard for Virtual I/O Devices}},
  month    = jul,
  pages    = {95--103},
  crossref = {OSR08}, 
} 

@inproceedings {seshadri:willow,
  author    = {Sudharsan Seshadri and Mark Gahagan and Sundaram Bhaskaran and Trevor Bunker and Arup De and Yanqin Jin and Yang Liu and Steven Swanson},
  title     = {{Willow: A User-Programmable SSD}},
  crossref  = {OSDI14},
  pages     = {67--80},
}

@inproceedings{shafer:ricenic,
  author    = {Shafer, Jeffrey and Rixner, Scott},
  title     = {{RiceNIC: A Reconfigurable Network Interface for Experimental Research and Education}},
  booktitle = {Proceedings of the 2007 Workshop on Experimental Computer Science (ExpCS '07)},
  year      = {2007},
  location  = {San Diego, California},
  articleno = {21},
} 

@misc{mosbench,
  title     = {{Mosbench--Multicore Operating Systems Benchmark}},
  author    = {Silas Boyd-Wickizer and Austin T. Clements and Yandong
                  Mao and Aleksey Pesterev and M. Frans Kaashoek and
                  Robert Morris and Nickolai Zeldovich},
  year      = 2015,
  note      = {\URL{http://pdos.csail.mit.edu/mosbench/}},
}


@misc{lwn:big-little,
  title     = {{A big.LITTLE scheduler update}},
  author    = {Paul McKenney},
  year      = 2012,
  note      = {\URL{http://lwn.net/Articles/501501}},
}


@misc{lwn:big-little-switcher,
  title  = {{ELC: In-kernel switcher for big.LITTLE}},
  author = {Jake Edge},
  year   = 2013,
  note   = {\URL{http://lwn.net/Articles/539840/}},
}

@misc{wccftech:decacore,
  title  = {{The Deca Core MediaTek MT6797 Sees Its Specifications LEAK Today}},
  author = {Ramish Zafar},
  year   = 2015,
  note   = {\URL{http://wccftech.com/mediatek-helio-x20-mt6797-specifications-leaked/}},
}

@article{shavit:ds,
 author = {Shavit, Nir},
 title = {{Data Structures in the Multicore Age}},
 journal = {Commun. ACM},
 issue_date = {March 2011},
 volume = {54},
 number = {3},
 month = mar,
 year = {2011},
 pages = {76--84},
 numpages = {9},
 publisher = {ACM},
} 

@inproceedings{liu:rwsem,
  title={{Scalable read-mostly synchronization using passive reader-writer locks}},
  author={Liu, Ran and Zhang, Heng and Chen, Haibo},
  crossref={ATC14},
}

@inproceedings{molka:mem,
  title={{Memory performance and cache coherency effects on an Intel Nehalem multiprocessor system}},
  author={Molka, Daniel and Hackenberg, Daniel and Sch{\"o}ne, Robert and M{\"u}ller, Matthias S},
  crossref={PACT09},
}

@inproceedings{borkar:1000core,
  author    = {Borkar, Shekhar},
  title     = {{Thousand Core Chips: A Technology Perspective}},
  crossref  = {DAC07},
}

@misc{perf,
  title  = {{perf: Linux profiling with performance counters }},
  author = {},
  year   = 2014,
  note   = {\URL{https://perf.wiki.kernel.org/index.php/Main_Page}},
}

@misc{refcnt:lwn13,
  author    = {Jonathan Corbet},
  title     = {{Per-CPU reference counts}},
  year      = {2013},
  note      = {\URL{https://lwn.net/Articles/557478/}},
}


@inproceedings{snzi:podc07,
 author = {Ellen, Faith and Lev, Yossi and Luchangco, Victor and Moir, Mark},
 title = {{SNZI: Scalable NonZero Indicators}},
 crossref  = {PODC07},
}

@inproceedings{biglock:apsys15,
 author = {Peters, Sean and Danis, Adrian and Elphinstone, Kevin and Heiser, Gernot},
 title = {{For a Microkernel, a Big Lock Is Fine}},
 crossref  = {APSYS15},
}


%% scale out
@Manual{amazoninside:web,
  title     = {{Inside Amazon's Cloud Computing Infrastructure}},
  organization = {Rich Miller},
  note      =	 {\URL{http://datacenterfrontier.com/inside-amazon-cloud-computing-infrastructure/}},
  year      = 2015,
}

@Manual{amazonservers:web,
  title     = {{AWS cloud computing ops, data centers, 1.3 million servers creating efficiency flywheel}},
  organization = { Larry Dignan},
  note      =	 {\URL{http://www.zdnet.com/article/aws-cloud-computing-ops-data-centers-1-3-million-servers-creating-efficiency-flywheel/}},
  year      = 2016,
}
