@article{Olson:2000:DM,
 author = {Olson, Gary M. and Olson, Judith S.},
 title = {{Distance Matters}},
 journal = {Hum.-Comput. Interact.},
 issue_date = {September 2000},
 volume = {15},
 number = {2},
 month = sep,
 year = {2000},
 issn = {0737-0024},
 pages = {139--178},
 numpages = {40},
 url = {http://dx.doi.org/10.1207/S15327051HCI1523_4},
 doi = {10.1207/S15327051HCI1523_4},
 acmid = {1463019},
 publisher = {L. Erlbaum Associates Inc.},
 address = {Hillsdale, NJ, USA},
}

@misc{xd3:web,
    title   = {{DARPA: Extreme DDoS Defense (XD3)}},
    author  = {Stuart Wagner},
    note    = {\URL{http://www.darpa.mil/program/extreme-ddos-defense}}
}

@article{openmp,
    Author = {Dagum, Leonardo and Menon, Ramesh},
    Journal = {Computational Science \& Engineering, IEEE},
    Number = {1},
    Pages = {46--55},
    Publisher = {IEEE},
    Title = {{OpenMP: an industry standard API for shared-memory programming}},
    Volume = {5},
    Year = {1998}
}

@misc{mpi:web,
    title   = {{Open MPI: Open Source High Performance Computing}},
    author  = {Community driven},
    note    = {\URL{https://www.open-mpi.org/}}
}

@misc{datagrowth:web,
    title   = {{The Digital Universe of Opportunities: Rich Data and the Increasing Value of the Internet of Things}},
    note    = {\URL{https://www.emc.com/leadership/digital-universe/2014iview/executive-summary.htm}},
    author  = {IDC},
    month   = apr,
    year    = {2014},
}

@article{mapreduce:osdi08,
	author = {Dean, Jeffrey and Ghemawat, Sanjay},
	title = {{MapReduce: Simplified Data Processing on Large Clusters}},
	journal = {Commun. ACM},
	issue_date = {January 2008},
	volume = {51},
	number = {1},
	month = jan,
	year = {2008},
	issn = {0001-0782},
	pages = {107--113},
	numpages = {7},
	publisher = {ACM},
	address = {New York, NY, USA},
}

@inproceedings{spark,
	author = {Zaharia, Matei and Chowdhury, Mosharaf and Franklin, Michael J. and Shenker, Scott and Stoica, Ion},
	title = {{Spark: Cluster Computing with Working Sets}},
	booktitle = {Proceedings of the 2Nd USENIX Conference on Hot Topics in Cloud Computing},
	series = {HotCloud'10},
	year = {2010},
	url = {http://dl.acm.org/citation.cfm?id=1863103.1863113},
	publisher = {USENIX Association},
	address = {Berkeley, CA, USA},
}

@inproceedings {tensorflow:osdi16,
	author = {Mart{\'\i}n Abadi and Paul Barham and Jianmin Chen and Zhifeng Chen and Andy Davis and Jeffrey Dean and Matthieu Devin and Sanjay Ghemawat and Geoffrey Irving and Michael Isard and Manjunath Kudlur and Josh Levenberg and Rajat Monga and Sherry Moore and Derek G. Murray and Benoit Steiner and Paul Tucker and Vijay Vasudevan and Pete Warden and Martin Wicke and Yuan Yu and Xiaoqiang Zheng},
	title = {{TensorFlow: A System for Large-Scale Machine Learning}},
	booktitle = {12th USENIX Symposium on Operating Systems Design and Implementation (OSDI 16)},
	year = {2016},
	month = Nov,
	address = {GA},
	pages = {265--283},
	publisher = {USENIX Association},
}

@misc{hadoop:web,
  title     = {{Apache Hadoop}},
  note      = {\URL{http://hadoop.apache.org/}}
}

@misc{snia,
    title   = {{The Storage Networking Industry Association}},
    note    = {\URL{http://www.snia.org/}},
}

