%% www-section: category
%% www-git    : code url
%% www-url    : proj webpage

@string{sec-auditing = "Auditing"}
@string{sec-recovery = "Recovery"}
@string{sec-syssec   = "System Security"}
@string{sec-mobile   = "Mobile"}
@string{sec-sandbox  = "Sandbox"}
@string{sec-testing  = "Testing"}
@string{sec-cloud    = "Cloud"}
@string{sec-fs       = "File system"}
@string{sec-network  = "Network"}
@string{sec-sys      = "System"}
@string{sec-sgx      = "SGX"}

%% 2017
@InProceedings{kim:sgx-tor,
  title       = {{Enhancing Security and Privacy of Tor's Ecosystem by using Trusted Execution Environments (to appear)}},
  author      = {Seongmin Kim and Juhyeng Han and Jaehyeong Ha and Taesoo Kim and Dongsu Han},
  crossref    = {NSDI17},
  www-section = sec-sgx,
}
                  
@InProceedings{seo:sgx-shield,
  title       = {{SGX-Shield: Enabling Address Space Layout Randomization for SGX Programs (to appear)}},
  author      = {Jaebaek Seo and Byoungyoung Lee and Sungmin Kim and Ming-Wei Shih and Insik Shin and Dongsu Han and Taesoo Kim},
  crossref    = {NDSS17},
  www-section = sec-sgx,
}

@InProceedings{shih:tsgx,
  title       = {{T-SGX: Eradicating Controlled-Channel Attacks Against Enclave Programs (to appear)}},
  author      = {Ming-Wei Shih and Sangho Lee and Taesoo Kim and Marcus Peinado},
  crossref    = {NDSS17},
  www-section = sec-sgx,
}

%% 2016

@PhDThesis{lee:thesis,
  title        = {{Protecting Computer Systems through Eliminating or Analyzing Vulnerabilities}},
  author       = {Byoungyoung Lee},
  school       = {{Georgia Institute of Technology}},
  year         = {2016},
  month        = aug,
  www-section  = sec-syssec,
}

@PhDThesis{song:thesis,
  title        = {{Preventing Exploits against Memory Corruption Vulnerabilities}},
  author       = {Chengyu Song},
  school       = {{Georgia Institute of Technology}},
  year         = {2016},
  month        = aug,
  www-section  = sec-syssec,
}

@InProceedings{jang:drk-ccs,
  title        = {{Breaking Kernel Address Space Layout Randomization with Intel TSX}},
  author       = {Yeongjin Jang and Sangho Lee and Taesoo Kim},
  crossref     = {CCS16},
  www-section  = sec-syssec,
  www-url       = "https://github.com/sslab-gatech/DrK",
}

@InProceedings{lu:unisan,
  title        = {{UniSan: Proactive Kernel Memory Initialization to Eliminate Data Leakages}},
  author       = {Kangjie Lu and Chengyu Song and Taesoo Kim and Wenke Lee},
  crossref     = {CCS16},
  www-section  = sec-syssec,
  www-url       = "https://sslab.gtisc.gatech.edu/pages/unisan.html",
}

@InProceedings{bhardwaj:airbox,
  title        = {{Fast, Scalable and Secure Onloading of Edge Functions using AirBox}},
  author       = {Ketan Bhardwaj and Ming-Wei Shih and Pragya Agarwal and Ada Gavrilovska and Taesoo Kim and Karsten Schwan},
  booktitle    = {Proceedings of the 1st IEEE/ACM Symposium on Edge Computing (SEC 2016)},
  location     = {Washington, DC},
  month        = oct,
  year         = 2016,
  www-section  = sec-sgx,
}

@InProceedings{boldyreva:notion,
  title        = {{Provably-Secure Remote Memory Attestation for Heap Overflow Protection}},
  author       = {Alexandra Boldyreva and Taesoo Kim and Richard J. Lipton and Bogdan Warinschi},
  booktitle    = {Proceedings of the 10th Conference on Security and Cryptography for Networks (SCN 2016)},
  location     = {Amalfi, Italy},
  month        = aug,
  year         = 2016,
  www-section  = sec-syssec,
}

@Article{xu:android-survey,
  title         = {{Toward Engineering a Secure Android Ecosystem: A Survey of Existing Techniques}},
  author        = {Meng Xu and Chengyu Song and Yang ji and Ming-Wei Shih and Kangjie Lu and Cong Zheng and Ruian Duan and Yeongjin Jang and Byoungyoung Lee and Chenxiong Qian and Sangho Lee and Taesoo Kim},
  journal       = {ACM Computing Surveys (CSUR)},
  volume        = 49,
  number        = 2,
  month         = aug,
  year          = 2016,
  www-section   = sec-mobile,
}


@InProceedings{yun:apisan,
  title         = {{APISan: Sanitizing API Usages through Semantic Cross-checking}},
  author        = {Insu Yun and Changwoo Min and Xujie Si and Yeongjin Jang and Taesoo Kim and Mayur Naik},
  crossref      = {SEC16},
  www-section   = sec-syssec,
  www-url       = "https://github.com/sslab-gatech/apisan",
}

@InProceedings{jang:drk-bh,
  title        = {{Breaking Kernel Address Space Layout Randomization with Intel TSX}},
  author       = {Yeongjin Jang and Sangho Lee and Taesoo Kim},
  crossref     = {BLACKHAT16},
  www-section  = sec-syssec,
  www-url      = "https://github.com/sslab-gatech/DrK",
}


@InProceedings{kashyap:kup,
  title         = {{Instant OS Updates via Userspace Checkpoint-and-Restart}},
  author        = {Sanidhya Kashyap and Changwoo Min and Byoungyoung Lee and Taesoo Kim and Pavel Emelyanov},
  crossref      = {ATC16},
  www-section   = sec-sys,
}

@InProceedings{min:fxmark,
  title         = {{Understanding Manycore Scalability of File Systems}},
  author        = {Changwoo Min and Sanidhya Kashyap and Steffen Maass and Woonhak Kang and Taesoo Kim},
  crossref      = {ATC16},
  www-section   = sec-fs,
  www-url       = "https://github.com/sslab-gatech/fxmark",
}

@article{han:metasync2,
  title         = {{MetaSync: Coordinating Storage Across Multiple File Synchronization Services}},
  author        = {Seungyeop Han and Haichen Shen and Taesoo Kim and Arvind Krishnamurthy and Thomas Anderson and David Wetherall},
  journal       = {IEEE Internet Computing},
  months        = may # {--} # jun,
  year          = 2016,
  www-section   = sec-cloud,
  www-url       = "http://uwnetworkslab.github.io/metasync",
}

@InProceedings{song:hdfi,
  title         = {{HDFI: Hardware-Assisted Data-Fow Isolation}},
  author        = {Chengyu Song and Hyungon Moon and Monjur Alam and Insu Yun and Byoungyoung Lee and Taesoo Kim and Wenke Lee and Yunheung Paek},
  crossref      = {SP16},
  www-section   = sec-syssec,
}

@InProceedings{kashyap:oppspinlocks,
  title         = {{Opportunistic Spinlocks: Achieving Virtual Machine Scalability in the Clouds}},
  author        = {Sanidhya Kashyap and Changwoo Min and Taesoo Kim},
  crossref      = {OSR16},
  www-section   = sec-cloud,
  www-url       = "https://lwn.net/Articles/650776/",
}

@InProceedings{shih:snfv,
  title         = {{S-NFV: Securing NFV states by using SGX}},
  author        = {Ming-Wei Shih and Mohan Kumar and Taesoo Kim and Ada Gavrilovska},
  crossref      = {SDNNFVSEC16},
  www-section   = sec-sgx,
}

@InProceedings{jain:opensgx,
  title         = {{OpenSGX: An Open Platform for SGX Research}},
  author        = {Prerit Jain and Soham Desai and Seongmin Kim and Ming-Wei Shih and JaeHyuk Lee and Changho Choi and Youjung Shin and Taesoo Kim and Brent B. Kang and Dongsu Han},
  crossref      = {NDSS16},
  www-section   = sec-sgx,
  www-url       = "https://github.com/sslab-gatech/opensgx",
}

@InProceedings{song:kenali,
  title         = {{Enforcing Kernel Security Invariants with Data Flow Integrity}},
  author        = {Chengyu Song and Byoungyoung Lee and Kangjie Lu and William R. Harris and Taesoo Kim and Wenke Lee},
  crossref      = {NDSS16},
  www-section   = sec-syssec,
  www-url       = "https://github.com/sslab-gatech/kenali-kernel",
}

@InProceedings{seo:flexdroid,
  title         = {{FlexDroid: Enforcing In-App Privilege Separation in Android}},
  author        = {Jaebaek Seo and Daehyeok Kim and Donghyun Cho and Taesoo Kim and Insik Shin},
  crossref      = {NDSS16},
  www-section   = sec-mobile,
}

@InProceedings{lu:runtimeaslr,
  title         = {{How to Make ASLR Win the Clone Wars: Runtime Re-Randomization}},
  author        = {Kangjie Lu and Stefan N{\"u}rnberger and Michael Backes and Wenke Lee},
  crossref      = {NDSS16},
  www-section   = sec-syssec,
}

%% 2015
@InProceedings{kim:sgxtor,
  title         = {{A First Step Towards Leveraging Commodity Trusted Execution Environments for Network Applications}},
  author        = {Seongmin Kim and Youjung Shin and Jaehyung Ha and Taesoo Kim and Dongsu Han},
  crossref      = {HOTNET15},
  www-section   = sec-network,
  www-url       = "https://github.com/sslab-gatech/opensgx",
}

@InProceedings{xu:ucognito,
  title         = {{UCognito: Private Browsing without Tears}},
  author        = {Meng Xu and Yeongjin Jang and Xinyu Xing and Taesoo Kim and Wenke Lee},
  crossref      = {CCS15},
  www-section   = sec-sandbox,
  www-url       = "https://sslab.gtisc.gatech.edu/pages/ucognito.html",
}

@InProceedings{lu:aslrguard,
  title         = {{ASLR-Guard: Stopping Address Space Leakage for Code Reuse Attacks}},
  author        = {Kangjie Lu and Chengyu Song and Byoungyoung Lee and Simon P. Chung and Taesoo Kim and Wenke Lee},
  crossref      = {CCS15},
  www-section   = sec-syssec,
}

@InProceedings{kim:volte,
  title         = {{Breaking and Fixing VoLTE: Exploiting Hidden Data Channels and Mis-implementations}},
  author        = {Hongil Kim and Dongkwan Kim and Minhee Kwon and Hyungseok Han and Yeongjin Jang and Dongsu Han and Taesoo Kim and Yongdae Kim},
  crossref      = {CCS15},
  www-section   = sec-network,
}

@InProceedings{min:juxta,
  title         = {{Cross-checking Semantic Correctness: The Case of Finding File System Bugs}},
  author        = {Changwoo Min and Sanidhya Kashyap and Byoungyoung Lee and Chengyu Song and Taesoo Kim},
  crossref      = {SOSP15},
  www-section   = sec-fs,
  www-url       = "https://github.com/sslab-gatech/juxta",
}

@InProceedings{kashyap:oticket,
  title         = {{Scalability In The Clouds! A Myth Or Reality?}},
  author        = {Sanidhya Kashyap and Changwoo Min and Taesoo Kim},
  crossref      = {APSYS15},
  www-section   = sec-cloud,
  www-url       = "https://lwn.net/Articles/650776/",
}

@InProceedings{lee:caver,
  title         = {{Type Casting Verification}: Stopping an Emerging Attack Vector},
  author        = {Byoungyoung Lee and Chengyu Song and Taesoo Kim and Wenke Lee},
  crossref      = {SEC15},
  www-section   = sec-syssec,
  www-url       = "https://sslab.gtisc.gatech.edu/pages/eshard-extreme-software-hardening.html",
}

@InProceedings{min:cfs,
  title         = {{Lightweight Application-Level Crash Consistency on Transactional Flash Storage}},
  author        = {Changwoo Min and Woon-Hak Kang and Taesoo Kim and Sang-Won Lee and Young Ik Eom},
  crossref      = {ATC15},
  www-section   = sec-fs,
}

@InProceedings{han:metasync,
  title         = {{MetaSync}: File Synchronization Across Multiple Untrusted Storage Services},
  author        = {Seungyeop Han and Haichen Shen and Taesoo Kim and Arvind Krishnamurthy and Thomas Anderson and David Wetherall},
  crossref      = {ATC15},
  www-section   = sec-cloud,
  www-url       = "http://uwnetworkslab.github.io/metasync",
}

@InProceedings{lee:dangnull,
  title         = {Preventing Use-after-free with Dangling Pointers Nullification},
  author        = {Byoungyoung Lee and Chengyu Song and Yeongjin Jang and Tielei Wang and Taesoo Kim and Long Lu and Wenke Lee},
  crossref      = {NDSS15},
  www-section   = sec-syssec,
  www-url       = "https://sslab.gtisc.gatech.edu/pages/eshard-extreme-software-hardening.html",
}

%% 2014
@InProceedings{lee:morula,
  title         = {{From Zygote to Morula}: Fortifying weakened {ASLR} on {Android}},
  author        = {Byoungyoung Lee and Long Lu and Tielei Wang and Taesoo Kim and Wenke Lee},
  crossref      = {SP14},
  www-section   = sec-mobile,
  www-url       = "https://github.com/lifeasageek/morula",
  www-git       = "https://github.com/lifeasageek/morula",
}

@inproceedings{chen:rail,
  title         = {Identifying information disclosure in web applications with retroactive auditing},
  author        = {Haogang Chen and Taesoo Kim and Xi Wang and Nickolai Zeldovich and M. Frans Kaashoek},
  crossref      = {OSDI14},
  www-section   = sec-auditing,
  www-url       = "https://github.com/haogang/rail",
}

@InProceedings{lee:breakaslr,
  title        = {Abusing Performance Optimization Weaknesses to Bypass {ASLR}},
  author       = {Byoungyoung Lee and Yeongjin Jang and Tielei Wang and Chengyu Song and Long Lu and Taesoo Kim and Wenke Lee},
  crossref     = {BLACKHAT14},
  www-section  = sec-syssec,
}

%% 2013
@inproceedings{chandra:aire,
  title         = {Asynchronous Intrusion Recovery for Interconnected Web Services},
  author        = {Ramesh Chandra and Taesoo Kim and Nickolai Zeldovich},
  crossref      = {SOSP13},
  www-section   = sec-auditing,
}

@inproceedings{chen:vmsec,
  title         = {Security Bugs in Embedded Interpreters},
  author        = {Haogang Chen and Cody Cutler and Taesoo Kim and Yandong Mao and Xi Wang and Nickolai Zeldovich and M. Frans Kaashoek},
  crossref      = {APSYS13},
  www-section   = sec-syssec,
}

@inproceedings{kim:tao,
  title         = {Optimizing Unit Test Execution in Large Software Programs using Dependency Analysis},
  author        = {Taesoo Kim and Ramesh Chandra and Nickolai Zeldovich},
  crossref      = {APSYS13},
  www-section   = sec-testing,
}

@inproceedings{kim:mbox,
  title         = {Practical and Effective Sandboxing for Non-root Users},
  author        = {Taesoo Kim and Nickolai Zeldovich},
  crossref      = {ATC13},
  www-section   = sec-sandbox,
  www-url       = "http://pdos.csail.mit.edu/mbox"
}

% 2012
@inproceedings{kim:poirot,
  title         = {Efficient Patch-based Auditing for Web Application Vulnerabilities},
  author        = {Taesoo Kim and Ramesh Chandra and Nickolai Zeldovich},
  crossref      = {OSDI12},
  www-section   = sec-auditing,
  www-url       = "http://css.csail.mit.edu/undo",
}

@inproceedings{kim:dare,
  title         = {Recovering from Intrusions in Distributed Systems with {Dare}},
  author        = {Taesoo Kim and Ramesh Chandra and Nickolai Zeldovich},
  crossref      = {APSYS12},
  www-section   = sec-recovery,
}

@inproceedings{kim:stealthmem,
  title         = {{StealthMem}: System-Level Protection Against Cache-based Side Channel Attacks in the Cloud},
  author        = {Taesoo Kim and Marcus Peinado and Gloria Mainar-Ruiz},
  crossref      = {SEC12},
  www-section   = sec-cloud,
}

% 2011
@inproceedings{chandra:warp,
  title         = {Intrusion Recovery for Database-backed Web Applications},
  author        = {Ramesh Chandra and Taesoo Kim and Meelap Shah and Neha Narula and Nickolai Zeldovich},
  crossref      = {SOSP11},
  www-section   = sec-auditing,
  www-url       = "http://css.csail.mit.edu/undo",
}

% 2010
@inproceedings{kim:retro,
  title         = {Intrusion recovery using selective re-execution},
  author        = {Taesoo Kim and Xi Wang and Nickolai Zeldovich and M. Frans Kaashoek},
  crossref      = {OSDI10},
  www-section   = sec-recovery,
  www-url       = "http://css.csail.mit.edu/undo",
}

@inproceedings{kim:userfs,
  title         = {Making {Linux} Protection Mechanisms Egalitarian with {UserFS}},
  author        = {Taesoo Kim and Nickolai Zeldovich},
  crossref      = {SEC10},
  www-section   = sec-syssec,
}
